<collection xmlns="http://www.loc.gov/MARC21/slim">
<record>
  <leader>01624nam0a22002771i 450 </leader>
  <controlfield tag="001">IT\ICCU\CNCE\025479</controlfield>
  <controlfield tag="005">20150415000000.0</controlfield>
  <datafield tag="012" ind1=" " ind2=" ">
    <subfield code="a">e-n- .2.3 1*6* .4.6 (C) 1578 (R)</subfield>
    <subfield code="2">fei</subfield>
  </datafield>
  <datafield tag="100" ind1=" " ind2=" ">
    <subfield code="a">19970926d1578        0itac0103    ba</subfield>
  </datafield>
  <datafield tag="101" ind1=" " ind2=" ">
    <subfield code="a">ITA</subfield>
  </datafield>
  <datafield tag="102" ind1=" " ind2=" ">
    <subfield code="a">IT</subfield>
  </datafield>
  <datafield tag="200" ind1="1" ind2=" ">
    <subfield code="a">Libretto nel quale sono notati tutti li offitiali dell&apos;inclito populo romano, liquali hanno li emolumenti, o siano regaglie dal camerlengo del detto populo; con la quantita, et forte di detti emolumenti, per tutto l&apos;anno, et in che tempo li deueno hauere; fatto a publico seruitio l&apos;anno MDLXXVIII</subfield>
  </datafield>
  <datafield tag="210" ind1=" " ind2=" ">
    <subfield code="a">In Roma</subfield>
    <subfield code="c">\Stamperia del Popolo Romano!</subfield>
    <subfield code="c">per gli heredi d&apos;Antonio Blado stampatori camerali</subfield>
    <subfield code="d">1578</subfield>
    <subfield code="e">\Roma</subfield>
    <subfield code="g">eredi di Antonio Blado!</subfield>
  </datafield>
  <datafield tag="215" ind1=" " ind2=" ">
    <subfield code="a">\8! c.</subfield>
    <subfield code="d">fol</subfield>
  </datafield>
  <datafield tag="620" ind1=" " ind2=" ">
    <subfield code="a">IT</subfield>
    <subfield code="d">Roma</subfield>
  </datafield>
  <datafield tag="700" ind1=" " ind2="1">
    <subfield code="a">Stringa,</subfield>
    <subfield code="b">Bovo</subfield>
    <subfield code="3">IT\ICCU\CNCA\007449</subfield>
  </datafield>
  <datafield tag="712" ind1="0" ind2="2">
    <subfield code="a">Stamperia del Popolo Romano</subfield>
    <subfield code="3">IT\ICCU\CNCT\000370</subfield>
    <subfield code="4">650</subfield>
  </datafield>
  <datafield tag="712" ind1="0" ind2="0">
    <subfield code="a">Blado, Antonio - eredi</subfield>
    <subfield code="3">IT\ICCU\CNCT\000148</subfield>
    <subfield code="4">650</subfield>
  </datafield>
  <datafield tag="791" ind1="0" ind2="2">
    <subfield code="a">℗nelle case del ℗Popolo Romano</subfield>
    <subfield code="3">IT\ICCU\CNCT\003154</subfield>
    <subfield code="z">Stamperia del Popolo Romano</subfield>
  </datafield>
  <datafield tag="791" ind1="0" ind2="2">
    <subfield code="a">℗in aedibus ℗Populi Romani</subfield>
    <subfield code="3">IT\ICCU\CNCT\004104</subfield>
    <subfield code="z">Stamperia del Popolo Romano</subfield>
  </datafield>
  <datafield tag="801" ind1=" " ind2="3">
    <subfield code="a">IT</subfield>
    <subfield code="b">ICCU</subfield>
    <subfield code="c">20201114</subfield>
  </datafield>
  <datafield tag="899" ind1=" " ind2=" ">
    <subfield code="a">Biblioteca nazionale centrale. Roma</subfield>
    <subfield code="1">RM0267</subfield>
    <subfield code="2">BVE CR</subfield>
  </datafield>
  <datafield tag="911" ind1=" " ind2=" ">
    <subfield code="a">sul front.</subfield>
    <subfield code="9">IT\ICCU\CNCM\000243</subfield>
  </datafield>
  <datafield tag="911" ind1=" " ind2=" ">
    <subfield code="a">In fine.</subfield>
    <subfield code="9">IT\ICCU\CNCM\001132</subfield>
  </datafield>
  <datafield tag="921" ind1=" " ind2=" ">
    <subfield code="a">IT\ICCU\CNCM\000243</subfield>
    <subfield code="b">Stemma di Roma con iniziali S.P.Q.R. In basso due donne. In uno scudo lupa con gemelli.</subfield>
    <subfield code="c">V231</subfield>
    <subfield code="d">Dimensione: 10,5 x 13,5</subfield>
    <subfield code="f">STEMMA</subfield>
    <subfield code="f">ROMA</subfield>
    <subfield code="f">SPQR</subfield>
    <subfield code="g">1575-1591</subfield>
  </datafield>
  <datafield tag="921" ind1=" " ind2=" ">
    <subfield code="a">IT\ICCU\CNCM\001132</subfield>
    <subfield code="b">Aquila coronata che stringe negli artigli un pavese</subfield>
    <subfield code="c">V196</subfield>
    <subfield code="f">AQUILA</subfield>
    <subfield code="g">1565-1590</subfield>
  </datafield>
</record>
</collection>
